@article{exactmapping,
  title={An exact mapping between the variational renormalization group and deep learning},
  author={Mehta, Pankaj and Schwab, David J},
  journal={arXiv preprint arXiv:1410.3831},
  year={2014}
}

@article{phase,
  title={Machine learning phases of matter},
  author={Carrasquilla, Juan and Melko, Roger G},
  journal={Nature Physics},
  volume={13},
  number={5},
  pages={431},
  year={2017},
  publisher={Nature Publishing Group}
}

@book{mlbook,
  title={机器学习},
  author={周志华},
  year={2016},
  publisher={Qing hua da xue chu ban she}
}
